@techreport{Foster1984AMeasures,
    title = {{A Class of Decomposable Poverty Measures}},
    year = {1984},
    booktitle = {Econometrica},
    author = {Foster, James and Greer, Joel and Thorbecke, Erik},
    number = {3},
    pages = {761--766},
    volume = {52}
}

@techreport{Freeman1977ABetweenness,
    title = {{A Set of Measures of Centrality Based on Betweenness}},
    year = {1977},
    author = {Freeman, Linton C},
    number = {1},
    pages = {35--41},
    volume = {40}
}

@book{Alkire2010AcuteCountries,
    title = {{Acute multidimensional poverty : a new index for developing countries}},
    year = {2010},
    author = {Alkire, Sabina. and Santos, Maria Emma. and {University of Oxford. Poverty and Human Development Initiative.}},
    pages = {133},
    publisher = {University of Oxford, Poverty and Human Development Initiative},
    isbn = {9781907194221}
}

@techreport{INE2020Boletin2020,
    title = {{Bolet{\'{i}}n estad{\'{i}}stico: empleo trimestral - Trimestre m{\'{o}}vil marzo - mayo 2020}},
    year = {2020},
    author = {{INE}},
    url = {https://www.ine.cl/estadisticas/sociales/},
    institution = {Instituto Nacional de Estad{\'{i}}sticas}
}

@techreport{INE2018Boletin2018,
    title = {{Bolet{\'{i}}n estad{\'{i}}stico: empleo trimestral - Trimestre m{\'{o}}vil noviembre 2017 - enero 2018}},
    year = {2018},
    author = {{INE}},
    institution = {Instituto Nacional de Estad{\'{i}}sticas}
}

@techreport{CASEN2018,
    title = {{CASEN 2017 - Libro de C{\'{o}}digos Base de Datos (septiembre, 2018)}},
    institution = {Ministerio de Desarrollo Social y Familia, Gobierno de Chile}
}

@techreport{CASENInformacion,
    title = {{CASEN 2017 - Manual del investigador Gu{\'{i}}a pr{\'{a}}ctica para el uso y an{\'{a}}lisis de informaci{\'{o}}n}},
    institution = {Ministerio de Desarrollo Social y Familia, Gobierno de Chile}
}

@techreport{CASENRedes,
    title = {{CASEN 2017 - Programaci{\'{o}}n para construir la medida de pobreza multidimensional con entorno y redes}},
    url = {http://observatorio.mds.cl/casen-},
    institution = {Ministerio de Desarrollo Social y Familia, Gobierno de Chile}
}

@techreport{Freeman1978CentralityNetworks,
    title = {{Centrality in social networks conceptual clarification. Social Networks}},
    year = {1978},
    booktitle = {Social Networks},
    author = {Freeman, Linton C},
    volume = {1}
}

@article{Alkire2017ChangesCountries,
    title = {{Changes Over Time in Multidimensional Poverty: Methodology and Results for 34 Countries}},
    year = {2017},
    journal = {World Development},
    author = {Alkire, Sabina and Roche, José Manuel and Vaz, Ana},
    month = {6},
    pages = {232--249},
    volume = {94},
    publisher = {Elsevier Ltd},
    doi = {10.1016/j.worlddev.2017.01.011},
    issn = {18735991},
    keywords = {multidimensional poverty, poverty analysis, poverty trends}
}

@techreport{Alkire2007CountingMeasurement,
    title = {{Counting and Multidimensional Poverty Measurement}},
    year = {2007},
    author = {Alkire, S and Foster, J},
    url = {www.ophi.org.uk},
    keywords = {D63, FGT measures, I32, O1, axiomatic structure, capability approach, cardinal, decomposability, deprivation, freedom JEL Codes: I3, identification, multidimensional poverty, ordinal, poverty indices, poverty measurement, relative weights}
}

@techreport{CEPAL/OIT2020CoyunturaCOVID-19,
    title = {{Coyuntura laboral en Am{\'{e}}rica Latina y el Caribe No 22: El trabajo en tiempos de pandemia: desaf{\'{i}}os frente a la enfermedad por coronavirus (COVID-19)}},
    year = {2020},
    author = {{CEPAL/OIT}},
    institution = {CEPAL},
    keywords = {Asuntos de g{\'{e}}nero, CEPAL, Comercio internacional e integraci{\'{o}}n, Desarrollo econ{\'{o}}mico, Desarrollo productivo y empresarial, Desarrollo social, Desarrollo sostenible y asentamientos humanos, ECLAC, Estad{\'{i}}sticas, NU, Naciones Unidas, ONU, Planificaci{\'{o}}n para el desarrollo, Poblaci{\'{o}}n y desarrollo, Publicaciones de la CEPAL, Recursos naturales e infraestructura, UN, United Nations}
}

@article{OECD2011DoingChanging,
    title = {{Doing Better for Families Families are changing}},
    year = {2011},
    author = {{OECD}},
    url = {http://dx.doi.org/10.1787/888932392457},
    doi = {10.1787/888932392457}
}

@article{I.Espinal.2006ElFamilia,
    title = {{El Enfoque Sist{\'{e}}mico En Los Estudios Sobre La Familia}},
    year = {2006},
    journal = {Revista Internacional de Sistemas},
    author = {{I. Espinal.} and {A. Gimeno} and {F. Gonz{\'{a}}lez}}
}

@techreport{INE2018Encuesta2018,
    title = {{Encuesta Nacional Urbana de Seguridad Ciudadana 2017 - XIV ENUSC, mayo de 2018}},
    year = {2018},
    author = {{INE}},
    institution = {INE}
}

@techreport{INE2020Encuesta2020,
    title = {{Encuesta Nacional Urbana de Seguridad Ciudadana 2019 - XVI ENUSC, Segundo trimestre 2020}},
    year = {2020},
    author = {{INE}},
    institution = {INE}
}

@article{Chedzoy2006EncyclopediaPhi-coefficient,
    title = {{Encyclopedia of Statistical Sciences: Phi-coefficient}},
    year = {2006},
    author = {Chedzoy, OB}
}

@techreport{AtkinsonExclusionNote,
    title = {{Exclusion, Employment and Opportunity Centre for Analysis of Social Exclusion Editorial Note}},
    author = {Atkinson, A B and Hills, John},
    url = {http://sticerd.lse.ac.uk/case.htm},
    isbn = {1719556679}
}

@article{INEGlosarioEstadisticas,
    title = {{Glosario Encuesta Nacional de Empleo - Instituto Nacional de Estad{\'{i}}sticas}},
    author = {{INE}}
}

@book{ProjectManagementInstitute2017GuiaPMBOK.,
    title = {{Gu{\'{i}}a de los fundamentos para la direcci{\'{o}}n de proyectos (Gu{\'{i}}a del PMBOK).}},
    year = {2017},
    author = {{Project Management Institute}},
    editor = {Project Management Institute, Inc},
    edition = {6},
    pages = {762},
    isbn = {9781628251944}
}

@article{LibertadyDesarrollo2019HaciaChile,
    title = {{Hacia una definici{\'{o}}n de la clase media en Chile}},
    year = {2019},
    author = {{Libertad y Desarrollo}},
    url = {www.lyd.orgNº1399-1}
}

@article{LibertadyDesarrollo2019HaciaChileb,
    title = {{Hacia una definici{\'{o}}n de la clase media en Chile}},
    year = {2019},
    journal = {Temas P{\'{u}}blicos},
    author = {{Libertad y Desarrollo}},
    url = {www.lyd.orgNº1399-1}
}

@techreport{INDICEI,
    title = {{{\'{I}}NDICE I}}
}

@techreport{JordanFuchs2014InformePobreza,
    title = {{Informe Final Comisi{\'{o}}n para la Medici{\'{o}}n de la Pobreza}},
    year = {2014},
    author = {Jord{\'{a}}n Fuchs, Rodrigo and Arellano Schmidt, M. Soledad and Baranda Ferr{\'{a}}n, Benito and Larra{\'{i}}n Arroyo, Luis},
    pages = {127}
}

@techreport{Beytia2016LaMultidimensional,
    title = {{La estructura interna de la pobreza multidimensional}},
    year = {2016},
    author = {Beyt{\'{i}}a, Pablo},
    url = {http://observatorio.ministeriodesarrollosocial.gob.cl/documentos/Casen2013_Situacion_Pobreza_}
}

@techreport{MDS2019Manual2017,
    title = {{Manual del investigador. Gu{\'{i}}a pr{\'{a}}ctica para el uso y an{\'{a}}lisis de informaci{\'{o}}n - CASEN 2017}},
    year = {2019},
    author = {{MDS}},
    institution = {Ministerio de Desarrollo Social y Familia Chile}
}

@article{Cramer2016Mathematical9,
    title = {{Mathematical Methods of Statistics (Pms-9), Volume 9}},
    year = {2016},
    author = {Cram{\'{e}}r, Harald},
    pages = {586}
}

@misc{CEPAL2018MedicionResultados,
    title = {{Medici{\'{o}}n de la pobreza por ingresos : actualizaci{\'{o}}n metodol{\'{o}}gica y resultados}},
    year = {2018},
    author = {{CEPAL}},
    publisher = {Naciones Unidas, CEPAL},
    isbn = {9789211220018}
}

@article{CEPAL2018Medicion2017,
    title = {{Medici{\'{o}}n de los Ingresos y la Pobreza en Chile - Encuesta CASEN 2017}},
    year = {2018},
    author = {{CEPAL}}
}

@techreport{Atkinson2003MultidimensionalApproaches,
    title = {{Multidimensional deprivation: contrasting social welfare and counting approaches}},
    year = {2003},
    booktitle = {Journal of Economic Inequality},
    author = {Atkinson, A B},
    pages = {51--65},
    volume = {1},
    keywords = {deprivation, multidimensional, poverty}
}

@incollection{Chakravarty2019MultidimensionalPoverty,
    title = {{Multidimensional Indicators of Inequality and Poverty}},
    year = {2019},
    booktitle = {Poverty, Social Exclusion and Stochastic Dominance},
    author = {Chakravarty, Satya R. and Lugo, Maria Ana},
    pages = {223--259},
    publisher = {Springer Singapore},
    doi = {10.1007/978-981-13-3432-0{\_}14}
}

@article{Opsahl2010NodePaths,
    title = {{Node centrality in weighted networks: Generalizing degree and shortest paths}},
    year = {2010},
    journal = {Social Networks},
    author = {Opsahl, Tore and Agneessens, Filip and Skvoretz, John},
    number = {3},
    month = {7},
    pages = {245--251},
    volume = {32},
    doi = {10.1016/j.socnet.2010.03.006},
    keywords = {Betweenness, Closeness, Degree, Weighted networks}
}

@techreport{NuevaContenidos,
    title = {{Nueva Metodolog{\'{i}}a de Medici{\'{o}}n de la Pobreza por Ingresos y Multidimensional Serie Documentos Metodol{\'{o}}gicos N{\textordmasculine}28 Versi{\'{o}}n revisada: 26 de Enero de 2015 Nueva Metodolog{\'{i}}a de Medici{\'{o}}n de la Pobreza por Ingresos y Multidimensional 2 Contenidos}}
}

@article{Ravallion2011OnPoverty,
    title = {{On multidimensional indices of poverty}},
    year = {2011},
    journal = {Journal of Economic Inequality},
    author = {Ravallion, Martin},
    number = {2},
    month = {6},
    pages = {235--248},
    volume = {9},
    doi = {10.1007/s10888-011-9173-4},
    issn = {15691721},
    keywords = {Aggregation, Multidimensional index, Poverty measurement, Prices}
}

@inproceedings{ElizabethHouse2015OxfordAmerica,
    title = {{Oxford Poverty {\&}amp; Human Development Initiative (OPHI) Oxford Department of International Development OPHI A Multidimensional Poverty Index for Latin America}},
    year = {2015},
    author = {Elizabeth House, Queen and Santos, Maria Emma and Villatoro, Pablo and Mancero, Xavier and Gerstenfeld, Pascual and Alkire, Sabina and Angulo Salazar, Roberto and Esp{\'{i}}ndola, Ernesto and Gomez, Natalie and Milosavljevic, Vivian and Monta{\~{n}}o, Sonia and Rico, Nieves and Robles, Claudia and Rodr{\'{i}}guez, Jorge and Silva, Alejandra},
    url = {http://www.ophi.org.uk},
    isbn = {978-19-0719-466-5},
    keywords = {I32, Latin America, O54 Acknowledgements We are grateful to, Poverty Line JEL classification: D31, Unsatisfied Basic Needs, poverty measurement}
}

@article{Rebekic2015PearsonsUse,
    title = {{Pearson's or Spearman's correlation coefficient. Which one to use?}},
    year = {2015},
    journal = {Poljoprivreda},
    author = {Rebeki{\'{c}}, A. and Lon{\v{c}}ari{\'{c}}, Z. and Petrovi{\'{c}}, S. and Mari{\'{c}}, S.},
    number = {2},
    month = {12},
    pages = {47--54},
    volume = {21},
    publisher = {Faculty of Agriculture in Osijek},
    doi = {10.18047/poljo.21.2.8},
    keywords = {Frequency distribution, Linear relationship, Log 10 transformation, Outliers, Winter wheat}
}

@techreport{HenochMariaSoledadBurgosEJosefinaMendezM2015PENDIENTEGobierno,
    title = {{PENDIENTE Comparando la Metodolog{\'{i}}a de la Comisi{\'{o}}n y la del Gobierno}},
    year = {2015},
    author = {Henoch Mar{\'{i}}a Soledad Burgos E Josefina M{\'{e}}ndez M, Paulina I and Soledad Burgos, María E and M{\'{e}}ndez, Josefina M and Candia, Alejandra and Klapp Juan Ram{\'{o}}n Larra{\'{i}}n Libertad Desarrollo, Francisco}
}

@techreport{Chedzoy2014Phi-Coefficient,
    title = {{Phi-Coefficient}},
    year = {2014},
    author = {Chedzoy, O B},
    doi = {https://doi.org/10.1002/9781118445112.stat00682},
    keywords = {()}
}

@techreport{Beytia2016PobrezaChile,
    title = {{Pobreza Multidimensional como Red de Privaciones. Una Exploraci{\'{o}}n Relacional de las Carencias en Chile}},
    year = {2016},
    author = {Beyt{\'{i}}a, Pablo},
    institution = {Pontificia Universidad Cat{\'{o}}lica de Chile}
}

@techreport{Sen1976Poverty:Measurement,
    title = {{Poverty: An Ordinal Approach to Measurement}},
    year = {1976},
    author = {Sen, Amartya},
    number = {2},
    pages = {219--231},
    volume = {44}
}

@techreport{Kakwani2008QuantitativeMeasurement,
    title = {{Quantitative Approaches to Multidimensional Poverty Measurement}},
    year = {2008},
    author = {Kakwani, Nanak and Silber, Jacques},
    institution = {UNDP}
}

@techreport{Kolm1977QuarterlyEgalitarianism,
    title = {{Quarterly Journal of Economics No. 1 Multidimensional  Egalitarianism}},
    year = {1977},
    author = {Kolm, Serge-Christophe}
}

@techreport{Candia2017RadiografiaPublica,
    title = {{Radiograf{\'{i}}a a la Clase Media Chilena: medici{\'{o}}n, evoluci{\'{o}}n, caracter{\'{i}}sticas y desaf{\'{i}}os de pol{\'{i}}tica p{\'{u}}blica}},
    year = {2017},
    author = {Candia, Alejandra D and Balmaceda, Marcos E},
    institution = {Libertad y Desarrollo}
}

@book{Law1991SimulationAnalysis,
    title = {{Simulation Modeling and Analysis}},
    year = {1991},
    author = {Law, Averill and Kelton, W. David},
    editor = {{International Editions}},
    edition = {Second},
    pages = {113}
}

@book{CharuC.Aggarwal2011SocialAnalytics,
    title = {{Social Network Data Analytics}},
    year = {2011},
    booktitle = {Social Network Data Analytics},
    author = {{Charu C. Aggarwal}},
    publisher = {Springer US},
    doi = {10.1007/978-1-4419-8462-3}
}

@techreport{Bourguignon2003ThePoverty,
    title = {{The measurement of multidimensional poverty}},
    year = {2003},
    booktitle = {Journal of Economic Inequality},
    author = {Bourguignon, François and Chakravarty, Satya R},
    pages = {25--49},
    volume = {1},
    keywords = {multidimensional, poverty measure}
}

@article{Chakravarty2003TheExclusion,
    title = {{The Measurement of Social Exclusion}},
    year = {2003},
    author = {Chakravarty, Satya R and Bocconi, Università and Berlin, Diw},
    url = {www.diw.de},
    isbn = {4930897890},
    keywords = {Application, Axioms, Characterization, Domi-nance, Policy, Social Exclusion}
}

@techreport{PNUD2015The1,
    title = {{The Multidimensional Poverty Index (MPI) 1}},
    year = {2015},
    author = {{PNUD}},
    institution = {PNUD}
}

@techreport{Carroll1961TheCoefficient,
    title = {{The nature of data, or how to choose a correlation coefficient}},
    year = {1961},
    author = {Carroll, John B}
}

@article{Alkire2011UnderstandingsMeasurement,
    title = {{Understandings and misunderstandings of multidimensional poverty measurement}},
    year = {2011},
    journal = {Journal of Economic Inequality},
    author = {Alkire, Sabina and Foster, James},
    number = {2},
    month = {6},
    pages = {289--314},
    volume = {9},
    doi = {10.1007/s10888-011-9181-4},
    issn = {15691721},
    keywords = {Axiom, Decomposability, Deprivation, FGT measures, Joint distribution, Multidimensional poverty, Poverty measurement}
}